<?xml version="1.0" encoding="UTF-8"?><record xmlns="http://www.loc.gov/MARC21/slim" xmlns:cinclude="http://apache.org/cocoon/include/1.0" xmlns:zs="http://www.loc.gov/zing/srw/">
  <leader>00345cz  a2200133n  4500</leader>
  <controlfield tag="001">n 2005047409</controlfield>
  <controlfield tag="003">DLC</controlfield>
  <controlfield tag="005">20050628112801.0</controlfield>
  <controlfield tag="008">050628n| acannaabn          |a aaa      </controlfield>
  <datafield tag="010" ind1=" " ind2=" ">
    <subfield code="a">n 2005047409</subfield>
  </datafield>
  <datafield tag="040" ind1=" " ind2=" ">
    <subfield code="a">DLC</subfield>
    <subfield code="b">eng</subfield>
    <subfield code="c">DLC</subfield>
  </datafield>
  <datafield tag="100" ind1="1" ind2=" ">
    <subfield code="a">Mishra, Deobrat</subfield>
  </datafield>
  <datafield tag="400" ind1="0" ind2=" ">
    <subfield code="a">Deobrat Mishra</subfield>
  </datafield>
  <datafield tag="670" ind1=" " ind2=" ">
    <subfield code="a">Evenson, Dean. Raga cycle, p2004:</subfield>
    <subfield code="b">label (Deobrat Mishra)</subfield>
  </datafield>
</record>